% ******************
%  Copyright 2024 TekFive, Inc. and contributors
%
%   Licensed under the Apache License, Version 2.0 (the "License");
%   you may not use this file except in compliance with the License.
%   You may obtain a copy of the License at
%
%     http://www.apache.org/licenses/LICENSE-2.0
%
%   Unless required by applicable law or agreed to in writing, software
%   distributed under the License is distributed on an "AS IS" BASIS,
%   WITHOUT WARRANTIES OR CONDITIONS OF ANY KIND, either express or implied.
%   See the License for the specific language governing permissions and
%   limitations under the License.
% ******************

@article{dunbar1992neocortex,
	author = {Robin Dunbar},
	year = {1992},
	month = {June},
	pages = {469-493},
	title = {{Neocortex Size as a Constraint on Group Size in Primates}},
	volume = {22},
	journal = {Journal of Human Evolution},
	doi = {10.1016/0047-2484(92)90081-J}
}

@article{dunbar2004gossip,
	author = {R. I. M. Dunbar},
	year = {2004},
	title = {{Gossip in Evolutionary Perspective}},
	journal = {Review of General Psychology},
	volume = {8},
	issue = {2},
	pages = {100-110},
	doi = {10.1037/1089-2680.8.2.100}
}

@article{hill2003social,
    title={Social network size in humans},
    author={Russell A. Hill and Robin I. M. Dunbar},
    journal={Human Nature},
    year={2003},
    volume={14},
    pages={53-72},
	doi = {10.1007/s12110-003-1016-y},
}

@inproceedings{davidbarrett2013processing,
	author = {T. Dávid-Barrett and R. I. M. Dunbar},
	title = {Processing power limits social group size: computational evidence for the cognitive costs of sociality},
	year = {2013},
	month={August},
	booktitle = {Proceedings of the Royal Society B},
	volume = {280},
	issue = {1765},
	doi = {10.1098/rspb.2013.1151}
}

@inproceedings{vestrand2021artificial,
	title = {{Artificial Intelligence enabled Dynamic Coalition Architecture for Space Traffic Management}},
	author = {W. Thomas Vestrand and Przemek R. Wozniak and Sean M. Brennan and Troy McVay and Lucas P. Parker and Rebecca Holmes Sandoval and Yancey H. Sechrest},
	booktitle = {Advanced Maui Optical and Space Surveillance Technologies Conference (AMOS 2021)},
	month = {September},
	year = {2021}
}

@article{axelrod1981evolution,
	author = {Robert Axelrod and William D. Hamilton},	
	year = {1981},
	month = {March},
	pages = {1390-1396},
	title = {{The Evolution of Cooperation}},
	volume = {211},
	issue = {4489},
	journal = {Science},
	doi = {10.1126/science.7466396}
}

@book{axelrod1997complexity,
	author = {Robert Axelrod},
	title = {{The Complexity of Cooperation: Agent-based Models of Competition and Collaboration}},
	isbn = {9780691015675},
	lccn = {19970011},
	series = {Princeton Studies in Complexity},
	year = {1997},
	publisher={Princeton University Press}
}

@article{nowak1995arithmetics,
	author = {M. A. Nowak and R. M. May and K. Sigmund},
	title = {The arithmetics of mutual help},
	journal = {Scientific American},
	year = {1995},
	month = {June},
	volume = {272},
	issue = {6},
	pages = {76-81},
	doi = {10.1038/scientificamerican0695-76}
}

@techreport{oasis2019mqtt,
	author = {Andrew Banks and Ed Briggs and Ken Borgendale and Rahul Gupta},
	title = {{MQTT} Version 5.0},
	year = {2019},
	month = {March},
	type = {{OASIS} Standard},
	institution = {Organization for the Advancement of Structured Information Standards},
}

@article{hasan2022privacy,
	title = {{Privacy-Preserving Reputation Systems Based on Blockchain and Other Cryptographic Building Blocks: A Survey}},
	author = {Omar Hasan and Lionel Brunie and Elisa Bertino},
	journal = {ACM Computing Surveys (CSUR)},
	year = {2022},
	volume = {55},
	pages = {1-37}
}

@book{anderson2020security,
	title = {{Security Engineering: A Guide to Building Dependable Distributed Systems}},
	edition = {3rd},
	author = {Ross Anderson},
	year = {2020},
	month = {November},
	isbn = {9781119642787},
	publisher = {Wiley}
}

@book{brooks2018cybersecurity,
	title = {{Cybersecurity Essentials}},
	author = {Brooks, C.J. and Grow, C. and Craig, P.A. and Short, D.},
	isbn = {9781119362395},
	lccn = {2018943782},
	year = {2018},
	publisher = {Wiley}
}

@book{wittkop2022cybersecurity,
	title = {{The Cybersecurity Playbook for Modern Enterprises: An end-to-end guide to preventing data breaches and cyber attacks}},
	author = {Wittkop, J.},
	isbn = {9781803237558},
	year = {2022},
	publisher = {Packt Publishing}
}

@article{phelps2012emergence,
	author = {Phelps, Steve},
	year = {2012},
	month = {01},
	title = {{Emergence of Social Networks via Direct and Indirect Reciprocity}},
	volume = {27},
	journal = {Autonomous Agents and Multi-Agent Systems},
	doi = {10.2139/ssrn.2109553}
}

@article{sacheli2015social,
	author = {Sacheli, Lucia Maria and Aglioti, Salvatore and Candidi, Matteo},
	year = {2015},
	month = {07},
	title = {{Social cues to joint actions: The role of shared goals}},
	volume = {6},
	journal = {Frontiers in Psychology},
	doi = {10.3389/fpsyg.2015.01034}
}

@article{suh2002culture,
	author = {Suh, Eunkook},
	title = {{Culture, Identity Consistency, and Subjective Well-Being}},
	journal = {Journal of Personality and Social Psychology},
	year = {2002}
}

@techreport{demand2016impact,
	author = {Demand Metric and Lucidpress},
	title = {The Impact of Brand Consistency},
	year = {2016},
	type = {Demand {M}etric {B}enchmark {R}eport},
	institution = {Demand Metric Research Corporation}
}

@techreport{claye2013business,
	author = {Agnes Claye and Blair Crawford and Tjark Freundt and Sascha Lehmann and Thomas Meyer},
	title = {Business branding: Bringing strategy to life},
	year = {2013},
	institution = {McKinsey \& Company}
}

@article{thompson1984trust,
    author = {Ken Thompson},
    title = {Reflections on trusting trust},
    journal = {Communications of the ACM},
	volume = 27,
	issue = 8,
	year = {1984},
	month = {Aug},
	pages = {761–763},
	doi = {10.1145/358198.358210}
}

@techreport{gao2022cybersecurity,
    title = {{Cybersecurity: Federal Response to SolarWinds and Microsoft Exchange Incidents}},
	year = {2022},
	month = {Jan},
	day = {13},
	institution = {U.S. Government Accountability Office},
	number = {GAO-22-104746},
	type = {{}},
}

@techreport{fireeye2020sunburst,
	institution = {FireEye},
    title = {{Highly Evasive Attacker Leverages SolarWinds Supply Chain to Compromise Multiple Global Victims With SUNBURST Backdoor}},
	note = {https://www.mandiant.com/resources/blog/evasive-attacker-leverages-solarwinds-supply-chain-compromises-with-sunburst-backdoor},
	year = {2020},
	month = {Dec},
	day = {13},
	urldate = {2023-03-23},
	type = {Threat Research},
}

@techreport{marsh1994formalising,
    title = {{Formalising Trust as a Computational Concept}},
    author = {Stephen Marsh},
    year = {1994},
	month = {Apr},
	institution = {University of Stirling}
}

@article{granatyr2015trust,
    title = {{Trust and Reputation Models for Multiagent Systems}},
    author = {Jones Granatyr and Vanderson Botelho and Otto Robert Lessing and Edson Em{\'i}lio Scalabrin and Jean-Paul A. Barth{\`e}s and Fabr{\'i}cio Enembreck},
    journal = {ACM Computing Surveys (CSUR)},
    year = {2015},
    volume = {48},
    pages = {1 - 42}
}